<collection xmlns="http://www.loc.gov/MARC21/slim">
<record>
  <leader>01365nam0a2200289 i 450 </leader>
  <controlfield tag="001">IT\ICCU\CNCE\049959</controlfield>
  <controlfield tag="005">20150505000000.0</controlfield>
  <datafield tag="012" ind1=" " ind2=" ">
    <subfield code="a">rehe o.o, o.o; TuCh (3) 1595 (R)</subfield>
    <subfield code="2">fei</subfield>
  </datafield>
  <datafield tag="100" ind1=" " ind2=" ">
    <subfield code="a">19991206d1595        0itac0103    ba</subfield>
  </datafield>
  <datafield tag="101" ind1=" " ind2=" ">
    <subfield code="a">ITA</subfield>
  </datafield>
  <datafield tag="102" ind1=" " ind2=" ">
    <subfield code="a">IT</subfield>
  </datafield>
  <datafield tag="200" ind1="1" ind2=" ">
    <subfield code="a">℗Il ℗viaggio in Elicona di Sebastiano Farfarana lo Spensierato Accademico Sonnacchioso</subfield>
  </datafield>
  <datafield tag="210" ind1=" " ind2=" ">
    <subfield code="a">In Bergamo</subfield>
    <subfield code="c">per Comin Ventura</subfield>
    <subfield code="c">ad instanza di Agostino Tradate libraro in Milano</subfield>
    <subfield code="d">1595</subfield>
  </datafield>
  <datafield tag="215" ind1=" " ind2=" ">
    <subfield code="a">\8!, 114, \2! p.</subfield>
    <subfield code="d">4ʻ</subfield>
  </datafield>
  <datafield tag="620" ind1=" " ind2=" ">
    <subfield code="a">IT</subfield>
    <subfield code="d">Bergamo</subfield>
  </datafield>
  <datafield tag="700" ind1=" " ind2="1">
    <subfield code="a">Farfarana,</subfield>
    <subfield code="b">Sebastiano</subfield>
    <subfield code="3">IT\ICCU\CNCA\005258</subfield>
  </datafield>
  <datafield tag="712" ind1="0" ind2="0">
    <subfield code="a">Ventura, Comino</subfield>
    <subfield code="3">IT\ICCU\CNCT\000028</subfield>
    <subfield code="4">650</subfield>
  </datafield>
  <datafield tag="712" ind1="0" ind2="0">
    <subfield code="a">Tradate, Agostino</subfield>
    <subfield code="3">IT\ICCU\CNCT\000865</subfield>
    <subfield code="4">650</subfield>
  </datafield>
  <datafield tag="790" ind1=" " ind2="0">
    <subfield code="a">Spensierato Accademico Sonnacchioso</subfield>
    <subfield code="3">IT\ICCU\CNCA\016426</subfield>
    <subfield code="z">Farfarana, Sebastiano</subfield>
  </datafield>
  <datafield tag="790" ind1=" " ind2="1">
    <subfield code="a">Fanfarana,</subfield>
    <subfield code="b">Sebastiano</subfield>
    <subfield code="3">IT\ICCU\CNCA\019401</subfield>
    <subfield code="z">Farfarana, Sebastiano</subfield>
  </datafield>
  <datafield tag="791" ind1="0" ind2="0">
    <subfield code="a">Tradatus, Augustinus</subfield>
    <subfield code="3">IT\ICCU\CNCT\005598</subfield>
    <subfield code="z">Tradate, Agostino</subfield>
  </datafield>
  <datafield tag="801" ind1=" " ind2="3">
    <subfield code="a">IT</subfield>
    <subfield code="b">ICCU</subfield>
    <subfield code="c">20201115</subfield>
  </datafield>
  <datafield tag="899" ind1=" " ind2=" ">
    <subfield code="a">Biblioteca nazionale Braidense. Milano</subfield>
    <subfield code="1">MI0185</subfield>
    <subfield code="2">MIL NB</subfield>
  </datafield>
  <datafield tag="899" ind1=" " ind2=" ">
    <subfield code="a">Biblioteca Palatina. Parma</subfield>
    <subfield code="1">PR0072</subfield>
    <subfield code="2">PAR PA</subfield>
  </datafield>
  <datafield tag="899" ind1=" " ind2=" ">
    <subfield code="a">Biblioteca nazionale Marciana. Venezia</subfield>
    <subfield code="1">VE0049</subfield>
    <subfield code="2">VEA BM</subfield>
  </datafield>
  <datafield tag="911" ind1=" " ind2=" ">
    <subfield code="a">Sul front.</subfield>
    <subfield code="9">IT\ICCU\CNCM\001503</subfield>
  </datafield>
  <datafield tag="921" ind1=" " ind2=" ">
    <subfield code="a">IT\ICCU\CNCM\001503</subfield>
    <subfield code="b">Salamandra coronata tra le fiamme. Iniziali A T. In cornice figurata</subfield>
    <subfield code="c">Z1017</subfield>
    <subfield code="f">SALAMANDRA</subfield>
    <subfield code="f">A T</subfield>
    <subfield code="g">1595-1598</subfield>
  </datafield>
</record>
</collection>
